%YAML 1.1
%TAG !u! tag:unity3d.com,2011:
--- !u!1 &523897933145711488
GameObject:
  m_ObjectHideFlags: 0
  m_CorrespondingSourceObject: {fileID: 0}
  m_PrefabInstance: {fileID: 0}
  m_PrefabAsset: {fileID: 0}
  serializedVersion: 6
  m_Component:
  - component: {fileID: 7154708506286031886}
  m_Layer: 7
  m_Name: FeetCheck
  m_TagString: Untagged
  m_Icon: {fileID: 0}
  m_NavMeshLayer: 0
  m_StaticEditorFlags: 0
  m_IsActive: 1
--- !u!4 &7154708506286031886
Transform:
  m_ObjectHideFlags: 0
  m_CorrespondingSourceObject: {fileID: 0}
  m_PrefabInstance: {fileID: 0}
  m_PrefabAsset: {fileID: 0}
  m_GameObject: {fileID: 523897933145711488}
  m_LocalRotation: {x: 0, y: 0, z: 0, w: 1}
  m_LocalPosition: {x: 0.05, y: -0.9, z: 0}
  m_LocalScale: {x: 1, y: 1, z: 1}
  m_ConstrainProportionsScale: 0
  m_Children: []
  m_Father: {fileID: 2429145197776090274}
  m_RootOrder: 1
  m_LocalEulerAnglesHint: {x: 0, y: 0, z: 0}
--- !u!1 &2429145197392101115
GameObject:
  m_ObjectHideFlags: 0
  m_CorrespondingSourceObject: {fileID: 0}
  m_PrefabInstance: {fileID: 0}
  m_PrefabAsset: {fileID: 0}
  serializedVersion: 6
  m_Component:
  - component: {fileID: 2429145197392101114}
  - component: {fileID: 2429145197392101112}
  - component: {fileID: 2429145197392101113}
  m_Layer: 10
  m_Name: TargettingZone
  m_TagString: Untagged
  m_Icon: {fileID: 0}
  m_NavMeshLayer: 0
  m_StaticEditorFlags: 0
  m_IsActive: 1
--- !u!4 &2429145197392101114
Transform:
  m_ObjectHideFlags: 0
  m_CorrespondingSourceObject: {fileID: 0}
  m_PrefabInstance: {fileID: 0}
  m_PrefabAsset: {fileID: 0}
  m_GameObject: {fileID: 2429145197392101115}
  m_LocalRotation: {x: 0, y: 0, z: 0, w: 1}
  m_LocalPosition: {x: 0, y: 0, z: 0}
  m_LocalScale: {x: 1, y: 1, z: 1}
  m_ConstrainProportionsScale: 0
  m_Children: []
  m_Father: {fileID: 2429145197776090274}
  m_RootOrder: 0
  m_LocalEulerAnglesHint: {x: 0, y: 0, z: 0}
--- !u!114 &2429145197392101112
MonoBehaviour:
  m_ObjectHideFlags: 0
  m_CorrespondingSourceObject: {fileID: 0}
  m_PrefabInstance: {fileID: 0}
  m_PrefabAsset: {fileID: 0}
  m_GameObject: {fileID: 2429145197392101115}
  m_Enabled: 1
  m_EditorHideFlags: 0
  m_Script: {fileID: 11500000, guid: a7c5655ee5de08f43a71dbf0fdb28c04, type: 3}
  m_Name: 
  m_EditorClassIdentifier: 
--- !u!58 &2429145197392101113
CircleCollider2D:
  m_ObjectHideFlags: 0
  m_CorrespondingSourceObject: {fileID: 0}
  m_PrefabInstance: {fileID: 0}
  m_PrefabAsset: {fileID: 0}
  m_GameObject: {fileID: 2429145197392101115}
  m_Enabled: 1
  m_Density: 1
  m_Material: {fileID: 0}
  m_IsTrigger: 1
  m_UsedByEffector: 0
  m_UsedByComposite: 0
  m_Offset: {x: 0, y: 0}
  serializedVersion: 2
  m_Radius: 5
--- !u!1 &2429145197776090284
GameObject:
  m_ObjectHideFlags: 0
  m_CorrespondingSourceObject: {fileID: 0}
  m_PrefabInstance: {fileID: 0}
  m_PrefabAsset: {fileID: 0}
  serializedVersion: 6
  m_Component:
  - component: {fileID: 2429145197776090274}
  - component: {fileID: 2429145197776090275}
  - component: {fileID: 2429145197776090272}
  - component: {fileID: 2429145197776090278}
  - component: {fileID: 2429145197776090279}
  - component: {fileID: 2429145197776090277}
  - component: {fileID: 6942194592174499745}
  - component: {fileID: 7781048465979331545}
  m_Layer: 7
  m_Name: EclipseMhund
  m_TagString: Untagged
  m_Icon: {fileID: 0}
  m_NavMeshLayer: 0
  m_StaticEditorFlags: 0
  m_IsActive: 1
--- !u!4 &2429145197776090274
Transform:
  m_ObjectHideFlags: 0
  m_CorrespondingSourceObject: {fileID: 0}
  m_PrefabInstance: {fileID: 0}
  m_PrefabAsset: {fileID: 0}
  m_GameObject: {fileID: 2429145197776090284}
  m_LocalRotation: {x: 0, y: 0, z: 0, w: 1}
  m_LocalPosition: {x: -28.26, y: 2.14, z: -0.23032847}
  m_LocalScale: {x: 1, y: 1, z: 0}
  m_ConstrainProportionsScale: 1
  m_Children:
  - {fileID: 2429145197392101114}
  - {fileID: 7154708506286031886}
  - {fileID: 8630085729551413388}
  m_Father: {fileID: 0}
  m_RootOrder: 0
  m_LocalEulerAnglesHint: {x: 0, y: 0, z: 0}
--- !u!212 &2429145197776090275
SpriteRenderer:
  m_ObjectHideFlags: 0
  m_CorrespondingSourceObject: {fileID: 0}
  m_PrefabInstance: {fileID: 0}
  m_PrefabAsset: {fileID: 0}
  m_GameObject: {fileID: 2429145197776090284}
  m_Enabled: 1
  m_CastShadows: 0
  m_ReceiveShadows: 0
  m_DynamicOccludee: 1
  m_StaticShadowCaster: 0
  m_MotionVectors: 1
  m_LightProbeUsage: 1
  m_ReflectionProbeUsage: 1
  m_RayTracingMode: 0
  m_RayTraceProcedural: 0
  m_RenderingLayerMask: 1
  m_RendererPriority: 0
  m_Materials:
  - {fileID: 2100000, guid: a97c105638bdf8b4a8650670310a4cd3, type: 2}
  m_StaticBatchInfo:
    firstSubMesh: 0
    subMeshCount: 0
  m_StaticBatchRoot: {fileID: 0}
  m_ProbeAnchor: {fileID: 0}
  m_LightProbeVolumeOverride: {fileID: 0}
  m_ScaleInLightmap: 1
  m_ReceiveGI: 1
  m_PreserveUVs: 0
  m_IgnoreNormalsForChartDetection: 0
  m_ImportantGI: 0
  m_StitchLightmapSeams: 1
  m_SelectedEditorRenderState: 0
  m_MinimumChartSize: 4
  m_AutoUVMaxDistance: 0.5
  m_AutoUVMaxAngle: 89
  m_LightmapParameters: {fileID: 0}
  m_SortingLayerID: 0
  m_SortingLayer: 0
  m_SortingOrder: 0
  m_Sprite: {fileID: 21300000, guid: a52723a9d5d44a045892367423e2ca4a, type: 3}
  m_Color: {r: 1, g: 1, b: 1, a: 1}
  m_FlipX: 0
  m_FlipY: 0
  m_DrawMode: 0
  m_Size: {x: 2.56, y: 2.56}
  m_AdaptiveModeThreshold: 0.5
  m_SpriteTileMode: 0
  m_WasSpriteAssigned: 1
  m_MaskInteraction: 0
  m_SpriteSortPoint: 0
--- !u!50 &2429145197776090272
Rigidbody2D:
  serializedVersion: 4
  m_ObjectHideFlags: 0
  m_CorrespondingSourceObject: {fileID: 0}
  m_PrefabInstance: {fileID: 0}
  m_PrefabAsset: {fileID: 0}
  m_GameObject: {fileID: 2429145197776090284}
  m_BodyType: 0
  m_Simulated: 1
  m_UseFullKinematicContacts: 0
  m_UseAutoMass: 0
  m_Mass: 5
  m_LinearDrag: 0
  m_AngularDrag: 0
  m_GravityScale: 2
  m_Material: {fileID: 0}
  m_Interpolate: 0
  m_SleepingMode: 1
  m_CollisionDetection: 0
  m_Constraints: 4
--- !u!114 &2429145197776090278
MonoBehaviour:
  m_ObjectHideFlags: 0
  m_CorrespondingSourceObject: {fileID: 0}
  m_PrefabInstance: {fileID: 0}
  m_PrefabAsset: {fileID: 0}
  m_GameObject: {fileID: 2429145197776090284}
  m_Enabled: 1
  m_EditorHideFlags: 0
  m_Script: {fileID: 11500000, guid: 08deaa5c7b54781409238a60b5571ce0, type: 3}
  m_Name: 
  m_EditorClassIdentifier: 
  JumpForce: 3000
  JumpDistance: 3
  JumpBuildupTime: 0.1
  feetCheck: {fileID: 7154708506286031886}
--- !u!114 &2429145197776090279
MonoBehaviour:
  m_ObjectHideFlags: 0
  m_CorrespondingSourceObject: {fileID: 0}
  m_PrefabInstance: {fileID: 0}
  m_PrefabAsset: {fileID: 0}
  m_GameObject: {fileID: 2429145197776090284}
  m_Enabled: 1
  m_EditorHideFlags: 0
  m_Script: {fileID: 11500000, guid: 50b48559175aca94d8cd1c8d2546e282, type: 3}
  m_Name: 
  m_EditorClassIdentifier: 
  _healthBarIcon: {fileID: 21300000, guid: caeabb115aacb07439ba84622c467d95, type: 3}
  _initialHealth: 1000
  _power: 10
  _speed: 4
  _attackRange: 1
  _attackPower: 50
  _attackCooldown: 1
--- !u!95 &2429145197776090277
Animator:
  serializedVersion: 5
  m_ObjectHideFlags: 0
  m_CorrespondingSourceObject: {fileID: 0}
  m_PrefabInstance: {fileID: 0}
  m_PrefabAsset: {fileID: 0}
  m_GameObject: {fileID: 2429145197776090284}
  m_Enabled: 1
  m_Avatar: {fileID: 0}
  m_Controller: {fileID: 9100000, guid: 42e39bb98cb2f5343a5ef278a588aeea, type: 2}
  m_CullingMode: 0
  m_UpdateMode: 0
  m_ApplyRootMotion: 0
  m_LinearVelocityBlending: 0
  m_StabilizeFeet: 0
  m_WarningMessage: 
  m_HasTransformHierarchy: 1
  m_AllowConstantClipSamplingOptimization: 1
  m_KeepAnimatorStateOnDisable: 0
--- !u!70 &6942194592174499745
CapsuleCollider2D:
  m_ObjectHideFlags: 0
  m_CorrespondingSourceObject: {fileID: 0}
  m_PrefabInstance: {fileID: 0}
  m_PrefabAsset: {fileID: 0}
  m_GameObject: {fileID: 2429145197776090284}
  m_Enabled: 1
  m_Density: 1
  m_Material: {fileID: 0}
  m_IsTrigger: 0
  m_UsedByEffector: 0
  m_UsedByComposite: 0
  m_Offset: {x: 0.1, y: -0.2}
  m_Size: {x: 2, y: 1.3}
  m_Direction: 1
--- !u!61 &7781048465979331545
BoxCollider2D:
  m_ObjectHideFlags: 0
  m_CorrespondingSourceObject: {fileID: 0}
  m_PrefabInstance: {fileID: 0}
  m_PrefabAsset: {fileID: 0}
  m_GameObject: {fileID: 2429145197776090284}
  m_Enabled: 1
  m_Density: 1
  m_Material: {fileID: 0}
  m_IsTrigger: 0
  m_UsedByEffector: 0
  m_UsedByComposite: 0
  m_Offset: {x: 0.1, y: 0.2}
  m_SpriteTilingProperty:
    border: {x: 0, y: 0, z: 0, w: 0}
    pivot: {x: 0.5, y: 0.5}
    oldSize: {x: 2.56, y: 2.56}
    newSize: {x: 2.56, y: 2.56}
    adaptiveTilingThreshold: 0.5
    drawMode: 0
    adaptiveTiling: 0
  m_AutoTiling: 0
  serializedVersion: 2
  m_Size: {x: 2, y: 0.7}
  m_EdgeRadius: 0
--- !u!1001 &3171740542229498238
PrefabInstance:
  m_ObjectHideFlags: 0
  serializedVersion: 2
  m_Modification:
    m_TransformParent: {fileID: 2429145197776090274}
    m_Modifications:
    - target: {fileID: 5058571809440858959, guid: b6c07df746afe5d4fa5dbee1d0509992, type: 3}
      propertyPath: healthBarColor.b
      value: 0.80784315
      objectReference: {fileID: 0}
    - target: {fileID: 5058571809440858959, guid: b6c07df746afe5d4fa5dbee1d0509992, type: 3}
      propertyPath: healthBarColor.g
      value: 0.64705884
      objectReference: {fileID: 0}
    - target: {fileID: 5058571809440858959, guid: b6c07df746afe5d4fa5dbee1d0509992, type: 3}
      propertyPath: healthBarColor.r
      value: 0.3019608
      objectReference: {fileID: 0}
    - target: {fileID: 6611407435869403634, guid: b6c07df746afe5d4fa5dbee1d0509992, type: 3}
      propertyPath: m_Pivot.x
      value: 0.5
      objectReference: {fileID: 0}
    - target: {fileID: 6611407435869403634, guid: b6c07df746afe5d4fa5dbee1d0509992, type: 3}
      propertyPath: m_Pivot.y
      value: 0.5
      objectReference: {fileID: 0}
    - target: {fileID: 6611407435869403634, guid: b6c07df746afe5d4fa5dbee1d0509992, type: 3}
      propertyPath: m_RootOrder
      value: 2
      objectReference: {fileID: 0}
    - target: {fileID: 6611407435869403634, guid: b6c07df746afe5d4fa5dbee1d0509992, type: 3}
      propertyPath: m_AnchorMax.x
      value: 0
      objectReference: {fileID: 0}
    - target: {fileID: 6611407435869403634, guid: b6c07df746afe5d4fa5dbee1d0509992, type: 3}
      propertyPath: m_AnchorMax.y
      value: 0
      objectReference: {fileID: 0}
    - target: {fileID: 6611407435869403634, guid: b6c07df746afe5d4fa5dbee1d0509992, type: 3}
      propertyPath: m_AnchorMin.x
      value: 0
      objectReference: {fileID: 0}
    - target: {fileID: 6611407435869403634, guid: b6c07df746afe5d4fa5dbee1d0509992, type: 3}
      propertyPath: m_AnchorMin.y
      value: 0
      objectReference: {fileID: 0}
    - target: {fileID: 6611407435869403634, guid: b6c07df746afe5d4fa5dbee1d0509992, type: 3}
      propertyPath: m_SizeDelta.x
      value: 1290
      objectReference: {fileID: 0}
    - target: {fileID: 6611407435869403634, guid: b6c07df746afe5d4fa5dbee1d0509992, type: 3}
      propertyPath: m_SizeDelta.y
      value: 615
      objectReference: {fileID: 0}
    - target: {fileID: 6611407435869403634, guid: b6c07df746afe5d4fa5dbee1d0509992, type: 3}
      propertyPath: m_LocalPosition.x
      value: 0
      objectReference: {fileID: 0}
    - target: {fileID: 6611407435869403634, guid: b6c07df746afe5d4fa5dbee1d0509992, type: 3}
      propertyPath: m_LocalPosition.y
      value: 0
      objectReference: {fileID: 0}
    - target: {fileID: 6611407435869403634, guid: b6c07df746afe5d4fa5dbee1d0509992, type: 3}
      propertyPath: m_LocalPosition.z
      value: 0
      objectReference: {fileID: 0}
    - target: {fileID: 6611407435869403634, guid: b6c07df746afe5d4fa5dbee1d0509992, type: 3}
      propertyPath: m_LocalRotation.w
      value: 1
      objectReference: {fileID: 0}
    - target: {fileID: 6611407435869403634, guid: b6c07df746afe5d4fa5dbee1d0509992, type: 3}
      propertyPath: m_LocalRotation.x
      value: -0
      objectReference: {fileID: 0}
    - target: {fileID: 6611407435869403634, guid: b6c07df746afe5d4fa5dbee1d0509992, type: 3}
      propertyPath: m_LocalRotation.y
      value: -0
      objectReference: {fileID: 0}
    - target: {fileID: 6611407435869403634, guid: b6c07df746afe5d4fa5dbee1d0509992, type: 3}
      propertyPath: m_LocalRotation.z
      value: -0
      objectReference: {fileID: 0}
    - target: {fileID: 6611407435869403634, guid: b6c07df746afe5d4fa5dbee1d0509992, type: 3}
      propertyPath: m_AnchoredPosition.x
      value: 0
      objectReference: {fileID: 0}
    - target: {fileID: 6611407435869403634, guid: b6c07df746afe5d4fa5dbee1d0509992, type: 3}
      propertyPath: m_AnchoredPosition.y
      value: 0
      objectReference: {fileID: 0}
    - target: {fileID: 6611407435869403634, guid: b6c07df746afe5d4fa5dbee1d0509992, type: 3}
      propertyPath: m_LocalEulerAnglesHint.x
      value: 0
      objectReference: {fileID: 0}
    - target: {fileID: 6611407435869403634, guid: b6c07df746afe5d4fa5dbee1d0509992, type: 3}
      propertyPath: m_LocalEulerAnglesHint.y
      value: 0
      objectReference: {fileID: 0}
    - target: {fileID: 6611407435869403634, guid: b6c07df746afe5d4fa5dbee1d0509992, type: 3}
      propertyPath: m_LocalEulerAnglesHint.z
      value: 0
      objectReference: {fileID: 0}
    - target: {fileID: 6611407435869403635, guid: b6c07df746afe5d4fa5dbee1d0509992, type: 3}
      propertyPath: m_Name
      value: HealthBarCanvas
      objectReference: {fileID: 0}
    - target: {fileID: 6611407435939966995, guid: b6c07df746afe5d4fa5dbee1d0509992, type: 3}
      propertyPath: m_AnchorMax.x
      value: 0
      objectReference: {fileID: 0}
    - target: {fileID: 6611407435939966995, guid: b6c07df746afe5d4fa5dbee1d0509992, type: 3}
      propertyPath: m_AnchorMax.y
      value: 0
      objectReference: {fileID: 0}
    m_RemovedComponents: []
  m_SourcePrefab: {fileID: 100100000, guid: b6c07df746afe5d4fa5dbee1d0509992, type: 3}
--- !u!224 &8630085729551413388 stripped
RectTransform:
  m_CorrespondingSourceObject: {fileID: 6611407435869403634, guid: b6c07df746afe5d4fa5dbee1d0509992, type: 3}
  m_PrefabInstance: {fileID: 3171740542229498238}
  m_PrefabAsset: {fileID: 0}
